<?xml version="1.0" encoding="UTF-8"?><record xmlns="http://www.loc.gov/MARC21/slim" xmlns:cinclude="http://apache.org/cocoon/include/1.0" xmlns:zs="http://www.loc.gov/zing/srw/">
  <leader>00386nz  a2200133n  4500</leader>
  <controlfield tag="001">n  97880186 </controlfield>
  <controlfield tag="003">DLC</controlfield>
  <controlfield tag="005">19970821140245.7</controlfield>
  <controlfield tag="008">970821n| acannaab|          |n aaa ||| c</controlfield>
  <datafield tag="010" ind1=" " ind2=" ">
    <subfield code="a">n  97880186 </subfield>
  </datafield>
  <datafield tag="040" ind1=" " ind2=" ">
    <subfield code="a">UkENL</subfield>
    <subfield code="c">DLC</subfield>
  </datafield>
  <datafield tag="100" ind1="1" ind2="0">
    <subfield code="a">Harper, Eric,</subfield>
    <subfield code="d">1928-</subfield>
  </datafield>
  <datafield tag="670" ind1=" " ind2=" ">
    <subfield code="a">Sunnybank Football Club, 1994:</subfield>
    <subfield code="b">p. 1 (Eric Harper)</subfield>
  </datafield>
  <datafield tag="670" ind1=" " ind2=" ">
    <subfield code="a">Phone call to E. Harper, Aug. 15, 1997</subfield>
    <subfield code="b">(born Sept. 6, 1928)</subfield>
  </datafield>
</record>